/u/students/hasletpara/Study/Bibtex/Thesis.bib